<?xml version="1.0" encoding="UTF-8"?><collection xmlns="http://www.loc.gov/MARC21/slim"><record><leader>00466nam--2200145-i-4500</leader><controlfield tag="001">000035834</controlfield><controlfield tag="002">20161230</controlfield><controlfield tag="005">20161230201040</controlfield><controlfield tag="008">060222s1000------------r-----000-0-eng-d</controlfield><datafield ind1=" " ind2=" " tag="080"><subfield code="a">621.382</subfield></datafield><datafield ind1=" " ind2=" " tag="100"><subfield code="a">Oppenheimer, Samuel L</subfield></datafield><datafield ind1=" " ind2=" " tag="245"><subfield code="a">Semiconductor logic and switching circuits. second edition</subfield></datafield><datafield ind1=" " ind2=" " tag="260"><subfield code="a">Columbus, Ohio, A Bell &amp; Howell Co., 1973, Xii + 282p</subfield></datafield><datafield ind1=" " ind2=" " tag="490"><subfield code="a">Merrill`S International Series In Electrical And Electronics Technology</subfield></datafield><datafield ind1=" " ind2=" " tag="852"><subfield code="a">42567</subfield></datafield></record></collection>